@article{Niu:2011wo,
author = {Niu, Feng and Recht, Benjamin and Re, Christopher and Wright, Stephen J},
title = {HOGWILD!: A Lock-Free Approach to Parallelizing Stochastic Gradient Descent},
journal = {CoRR abs/1106.5730},
year = {2011}
}

@article{Zhang:2015tp,
author = {Zhang, Ruiliang and 0004, Shuai Zheng and Kwok, James T},
title = {{Fast Distributed Asynchronous SGD with Variance Reduction.}},
journal = {CoRR abs/1508.01633},
year = {2015}
}

@inproceedings{Johnson:9MAvkbgy,
author = {Johnson, R and Zhang, T},
title = {{accelerating~stochastic~gradient~descent~using~predictive~variabce~reduction }},
booktitle = {Advances in Neural Information Processing Systems}
}


